@Book{Acker+1992,
  author  = {{Acker}, A. and {Marcout}, J. and {Ochsenbein}, F. and {Stenholm}, B. and {Tylenda}, R. and {Schohn}, C.},
  title   = {{The Strasbourg-ESO Catalogue of Galactic Planetary Nebulae. Parts I, II.}},
  year    = {1992},
  adsnote = {Provided by the SAO/NASA Astrophysics Data System},
  adsurl  = {https://ui.adsabs.harvard.edu/abs/1992secg.book.....A},
  groups  = {PNLF},
}

@Article{Adamo+2017,
  author        = {{Adamo}, A. and {Ryon}, J.~E. and {Messa}, M. and {Kim}, H. and {Grasha}, K. and {Cook}, D.~O. and {Calzetti}, D. and {Lee}, J.~C. and {Whitmore}, B.~C. and {Elmegreen}, B.~G. and {Ubeda}, L. and {Smith}, L.~J. and {Bright}, S.~N. and {Runnholm}, A. and {Andrews}, J.~E. and {Fumagalli}, M. and {Gouliermis}, D.~A. and {Kahre}, L. and {Nair}, P. and {Thilker}, D. and {Walterbos}, R. and {Wofford}, A. and {Aloisi}, A. and {Ashworth}, G. and {Brown}, T.~M. and {Chandar}, R. and {Christian}, C. and {Cignoni}, M. and {Clayton}, G.~C. and {Dale}, D.~A. and {de Mink}, S.~E. and {Dobbs}, C. and {Elmegreen}, D.~M. and {Evans}, A.~S. and {Gallagher}, J.~S., III and {Grebel}, E.~K. and {Herrero}, A. and {Hunter}, D.~A. and {Johnson}, K.~E. and {Kennicutt}, R.~C. and {Krumholz}, M.~R. and {Lennon}, D. and {Levay}, K. and {Martin}, C. and {Nota}, A. and {{\"O}stlin}, G. and {Pellerin}, A. and {Prieto}, J. and {Regan}, M.~W. and {Sabbi}, E. and {Sacchi}, E. and {Schaerer}, D. and {Schiminovich}, D. and {Shabani}, F. and {Tosi}, M. and {Van Dyk}, S.~D. and {Zackrisson}, E.},
  journal       = {\apj},
  title         = {{Legacy ExtraGalactic UV Survey with The Hubble Space Telescope: Stellar Cluster Catalogs and First Insights Into Cluster Formation and Evolution in NGC 628}},
  year          = {2017},
  month         = jun,
  number        = {2},
  pages         = {131},
  volume        = {841},
  adsnote       = {Provided by the SAO/NASA Astrophysics Data System},
  adsurl        = {https://ui.adsabs.harvard.edu/abs/2017ApJ...841..131A},
  archiveprefix = {arXiv},
  doi           = {10.3847/1538-4357/aa7132},
  eid           = {131},
  eprint        = {1705.01588},
  file          = {:Galaxies/LEGUS/Adamo+2017ApJ...841..131A.pdf:PDF},
  groups        = {LEGUS},
  keywords      = {galaxies: individual: NGC 628, M74, galaxies: star clusters: general, galaxies: star formation, stars: formation, Astrophysics - Astrophysics of Galaxies},
  primaryclass  = {astro-ph.GA},
}

@Article{Anand+2021a,
  author        = {{Anand}, Gagandeep S. and {Lee}, Janice C. and {Van Dyk}, Schuyler D. and {Leroy}, Adam K. and {Rosolowsky}, Erik and {Schinnerer}, Eva and {Larson}, Kirsten and {Kourkchi}, Ehsan and {Kreckel}, Kathryn and {Scheuermann}, Fabian and {Rizzi}, Luca and {Thilker}, David and {Tully}, R. Brent and {Bigiel}, Frank and {Blanc}, Guillermo A. and {Boquien}, M{\'e}d{\'e}ric and {Chandar}, Rupali and {Dale}, Daniel and {Emsellem}, Eric and {Deger}, Sinan and {Glover}, Simon C.~O. and {Grasha}, Kathryn and {Groves}, Brent and {Klessen}, Ralf S. and {Kruijssen}, J.~M. Diederik and {Querejeta}, Miguel and {S{\'a}nchez-Bl{\'a}zquez}, Patricia and {Schruba}, Andreas and {Turner}, Jordan and {Ubeda}, Leonardo and {Williams}, Thomas G. and {Whitmore}, Brad},
  journal       = {\mnras},
  title         = {{Distances to PHANGS galaxies: New tip of the red giant branch measurements and adopted distances}},
  year          = {2021},
  month         = mar,
  number        = {3},
  pages         = {3621-3639},
  volume        = {501},
  adsnote       = {Provided by the SAO/NASA Astrophysics Data System},
  adsurl        = {https://ui.adsabs.harvard.edu/abs/2021MNRAS.501.3621A},
  archiveprefix = {arXiv},
  doi           = {10.1093/mnras/staa3668},
  eprint        = {2012.00757},
  file          = {:PHANGS/Anand+2021MNRAS.501.3621A.pdf:PDF},
  groups        = {PHANGS, Distances},
  keywords      = {galaxies: fundamental parameters, galaxies: stellar content, distance scale, Astrophysics - Astrophysics of Galaxies, Astrophysics - Cosmology and Nongalactic Astrophysics},
  primaryclass  = {astro-ph.GA},
}

@Article{Anand+2021b,
  author        = {{Anand}, Gagandeep S. and {Rizzi}, Luca and {Tully}, R. Brent and {Shaya}, Edward J. and {Karachentsev}, Igor D. and {Makarov}, Dmitry I. and {Makarova}, Lidia and {Wu}, Po-Feng and {Dolphin}, Andrew E. and {Kourkchi}, Ehsan},
  journal       = {\aj},
  title         = {{The Extragalactic Distance Database: The Color-Magnitude Diagrams/Tip of the Red Giant Branch Distance Catalog}},
  year          = {2021},
  month         = aug,
  number        = {2},
  pages         = {80},
  volume        = {162},
  adsnote       = {Provided by the SAO/NASA Astrophysics Data System},
  adsurl        = {https://ui.adsabs.harvard.edu/abs/2021AJ....162...80A},
  archiveprefix = {arXiv},
  doi           = {10.3847/1538-3881/ac0440},
  eid           = {80},
  eprint        = {2104.02649},
  groups        = {Distances},
  keywords      = {HST photometry, Astronomy databases, Stellar distance, Red giant tip, Hertzsprung Russell diagram, 756, 83, 1595, 1371, 725, Astrophysics - Astrophysics of Galaxies},
  primaryclass  = {astro-ph.GA},
}