@Article{Scheuermann+2022,
  author        = {{Scheuermann}, Fabian and {Kreckel}, Kathryn and {Anand}, Gagandeep S. and {Blanc}, Guillermo A. and {Congiu}, Enrico and {Santoro}, Francesco and {Van Dyk}, Schuyler D. and {Barnes}, Ashley T. and {Bigiel}, Frank and {Glover}, Simon C.~O. and {Groves}, Brent and {Klessen}, Ralf S. and {Kruijssen}, J.~M. Diederik and {Rosolowsky}, Erik and {Schinnerer}, Eva and {Schruba}, Andreas and {Watkins}, Elizabeth J. and {Williams}, Thomas G.},
  journal       = {\mnras},
  title         = {{Planetary nebula luminosity function distances for 19 galaxies observed by PHANGS-MUSE}},
  year          = {2022},
  month         = apr,
  number        = {4},
  pages         = {6087-6109},
  volume        = {511},
  adsnote       = {Provided by the SAO/NASA Astrophysics Data System},
  adsurl        = {https://ui.adsabs.harvard.edu/abs/2022MNRAS.511.6087S},
  archiveprefix = {arXiv},
  doi           = {10.1093/mnras/stac110},
  eprint        = {2201.04641},
  groups        = {PNLF, Distances, PHANGS},
  keywords      = {galaxies: distances and redshifts, ISM: supernova remnant, planetary nebulae: general},
}

@Book{Osterbrock+2006,
  author    = {{Osterbrock}, Donald E. and {Ferland}, Gary J.},
  publisher = {University Science Books},
  title     = {{Astrophysics of gaseous nebulae and active galactic nuclei}},
  year      = {2006},
  adsnote   = {Provided by the SAO/NASA Astrophysics Data System},
  adsurl    = {https://ui.adsabs.harvard.edu/abs/2006agna.book.....O},
}

@Misc{ForemanMackey+2014,
  author    = {Foreman-Mackey, Daniel},
  month     = dec,
  title     = {Blog Post: Mixture Models},
  year      = {2014},
  doi       = {10.5281/zenodo.15856},
  publisher = {Zenodo},
  url       = {https://doi.org/10.5281/zenodo.15856},
}

@Book{ahrens2017,
    author = {{Ahrens}, SÃ¶nke},
    title = {Das Zettelkasten-Prinzip},
    year = {2017},
    publisher = {BoD -- Books on Demand}
}